@misc{
    7inchdisplay,
    author = {DFRobot},
    title = {7 Inch HDMI Display with USB TouchScreen},
    howpublished = {\url{https://www.farnell.com/datasheets/3162025.pdf}},
    note = {Accessed: 19-01-2024}
}

@misc{
    pi4,
    author = {Raspberry Pi Foundation},
    title = {Raspberry Pi 4 Model B},
    howpublished = {\url{https://www.raspberrypi.com/products/raspberry-pi-4-model-b/}},
    note = {Accessed: 19-01-2024}
}

@misc{
    okdocamera,
    author = {Okdo},
    title = {Okdo, Camera Module, CSI-2 with 2592 x 1944 Resolution},
    howpublished = {\url{https://uk.rs-online.com/web/p/raspberry-pi-cameras/2020456/}},
    note = {Accessed: 19-01-2024}
}

@misc{
    okdospec,
    author = {Okdo},
    title = {Okdo, Camera Module, CSI-2 with 2592 x 1944 Resolution Specification},
    howpublished = {\url{https://docs.rs-online.com/b064/A700000006917308.pdf}},
    note = {Accessed: 19-01-2024}
}